@INPROCEEDINGS{FITPUB11696,
   author = "Marta \v{C}udov\'{a} and E. Bradley Treeby and Ji\v{r}\'{i} Jaro\v{s}",
   title = "Design of HIFU Treatment Plans using Evolutionary Strategy",
   pages = "1568--1575",
   booktitle = "GECCO'18 Companion: Genetic and Evolutionary Computation Conference Companion",
   year = 2018,
   location = "Kyoto, JP",
   publisher = "Association for Computing Machinery",
   ISBN = "978-1-4503-5764-7",
   doi = "10.1145/3205651.3208268",
   language = "english",
   url = {\url{https://www.fit.vut.cz/research/publication/11696}}
}

@inproceedings{austinwoman,
author = {Massey, Jackson and Yilmaz, Ali},
year = {2016},
month = {08},
pages = {3346-3349},
title = {AustinMan and AustinWoman: High-fidelity, anatomical voxel models developed from the VHP color images},
volume = {2016},
journal = {Conference proceedings: ... Annual International Conference of the IEEE Engineering in Medicine and Biology Society. IEEE Engineering in Medicine and Biology Society. Conference},
doi = {10.1109/EMBC.2016.7591444}
}

@article{HIFUTHERMALMODEL,
author = {Suomi, Visa and Jaros, Jiri and Treeby, Bradley and Cleveland, Robin},
year = {2018},
month = {09},
pages = {1-1},
title = {Full Modeling of High-Intensity Focused Ultrasound and Thermal Heating in the Kidney Using Realistic Patient Models},
volume = {PP},
journal = {IEEE Transactions on Biomedical Engineering},
doi = {10.1109/TBME.2018.2870064}
}

@article{BLOODOCCLUSION,
author = {Ichihara, Mitsuyoshi and Sasaki, Kazuaki and Umemura, Shin-Ichiro and Kushima, Miki and Okai, Takashi},
year = {2007},
month = {04},
pages = {452-9},
title = {Blood Flow Occlusion Via Ultrasound Image-Guided High-Intensity Focused Ultrasound and Its Effect on Tissue Perfusion},
volume = {33},
journal = {Ultrasound in medicine \& biology},
doi = {10.1016/j.ultrasmedbio.2006.08.016}
}

@article{HIFUPropagation,
author = {Treeby, Bradley and Jaros, Jiri and Rendell, Alistair and Cox, B.T.},
year = {2012},
month = {06},
pages = {4324-36},
title = {Modeling nonlinear ultrasound propagation in heterogeneous media with power law absorption using a k-space pseudospectral method},
volume = {131},
journal = {The Journal of the Acoustical Society of America},
doi = {10.1121/1.4712021}
}

@INPROCEEDINGS{EA_OVERVIEW,
author={P. A. {Vikhar}},
booktitle={2016 International Conference on Global Trends in Signal Processing, Information Computing and Communication (ICGTSPICC)},
title={Evolutionary algorithms: A critical review and its future prospects},
year={2016},
volume={},
number={},
pages={261-265},
keywords={genetic algorithms;search problems;evolutionary algorithms;evolutionary computations;heuristics based search method;problem solving method;global optimization problems;genetic programming;genetic algorithm;evolutionary programming;evolution strategies;memetic algorithms;distributed EA;Evolutionary computation;Genetic algorithms;Optimization;Sociology;Statistics;Programming;Genetic programming;Evolutionary Computations;Evolutionary Algorithm;Memetic Algorithms;Distributed EAs},
doi={10.1109/ICGTSPICC.2016.7955308},
ISSN={null},
month={Dec},}

@book{kvasnicka2000evolucne,
  title={Evolu{\v{c}}n{\'e} algoritmy},
  author={Kvasni{\v{c}}ka, V. and Posp{\'\i}chal, J. and Ti{\v{n}}o, P.},
  isbn={9788022713771},
  series={Ed{\'\i}cia vysoko{\v{s}}kolsk{\`y}ch u{\v{c}}ebn{\'\i}c / Slovensk{\'a} technick{\'a} univerzita},
  url={https://books.google.cz/books?id=ambEAAAACAAJ},
  year={2000},
  publisher={Slovensk{\'a} technick{\'a} univerzita}
}

@misc{EVO,
  author        = {Michal Bidlo},
  title         = {Materi{\'a}ly kurzu EVO19 - Aplikovan{\'e} evolu{\v{c}}n{\'\i} algoritmy},
  publisher={Fakulta informa{\v{c}}n{\'\i}ch technologi{\'\i}, Vysok{\'\e} u{\v{c}}en{\'\i} technick{\'\e} v Brn{\v{e}}},
  howpublished = {Str{\'a}nka kurzu \url{https://www.fit.vut.cz/study/course/13232/.cs} Nav{\v{s}}t{\'\i}veno 2020.01.05}
}

@book{GAIntro,
author = {Mitchell, Melanie},
title = {An  Introduction to Genetic Algorithms},
year = {1998},
isbn = {0262631857},
publisher = {MIT Press},
address = {Cambridge, MA, USA}
}

@phdthesis{Weisser2010,
  author = {Roman Weisser},
  title = {Evoluční optimalizace řídicích algoritmů},
  address = {Brno},
  year = {2010},
  school = {Vysoké učení technické v Brně. Fakulta strojního inženýrství. Ústav automatizace a informatiky},
  type = {Disertační práce},
  medium = {online},
  accessed = {2020-01-07},
  URL = {\url{http://hdl.handle.net/11012/7799}},
}

@phdthesis{Chlebik2017,
  author = {Jakub Chlebík},
  title = {Optimalizační metody pro knihovnu SIMLIB/C++},
  address = {Brno},
  year = {2017},
  school = {Vysoké učení technické v Brně. Fakulta informačních technologií. Ústav inteligentních systémů},
  type = {Bakalářská práce},
  urldate = {2020-01-07},
  url = {\url{http://hdl.handle.net/11012/69674}},
}


@MISC{fitWebSA,
      author =       "Jiří Jaroš and others",
      title =        "{\it Simulované žíhání}",
      howpublished = "FIT VUT v Brně",
      url =  {        	\url{http://www.fit.vutbr.cz/~jarosjir/groups/eva/sa.html.cz}},
      note =         "[Online; navštíveno 07.01.2020]"
}

@MISC{webMCMC,
      author =       "Jason Brownlee",
      title =        "{\it A Gentle Introduction to Markov Chain Monte Carlo for Probability}",
      howpublished = "Machine Learning Mastery Pty. Ltd.",
      url = {\url{          	https://machinelearningmastery.com/markov-chain-monte-carlo-for-probability/}},
      note =         "[Online; navštíveno 07.01.2020]"
}

@book{MonteCarlo,
  title={Úvod do metody Monte-Carlo},
  author={Dřímal, Jiří a Trunec, David},
  isbn={80-210-0228-X},
  publisher={Masarykova univerzita},
  year= {2000},
  volume={1},
  pages={122},
  address={Brno}
}

@book{NahodneProcesy,
  title={Náhodné procesy},
  author={Baštinec, J. and Svoboda, Z.},
  publisher={Ústav matematiky, Fakulta elektrotechniky a komunikačních technologií, Vysoké učení technické v Brně},
  year= {2014},
  address={Brno}
}

@Inbook{Glover2006,
author="Glover, Fred
and Marti, Rafael",
editor="Alba, Enrique
and Mart{\'i}, Rafael",
title="Tabu Search",
bookTitle="Metaheuristic Procedures for Training Neutral Networks",
year="2006",
publisher="Springer US",
address="Boston, MA",
pages="53--69",
abstract="Tabu Search is a metaheuristic that guides a local heuristic search procedure to explore the solution space beyond local optimality. One of the main components of tabu search is its use of adaptive memory, which creates a more flexible search behavior. Memory based strategies are therefore the hallmark of tabu search approaches, founded on a quest for ``integrating principles,'' by which alternative forms of memory are appropriately combined with effective strategies for exploiting them. In this chapter we address the problem of training multilayer feed-forward neural networks. These networks have been widely used for both prediction and classification in many different areas. Although the most popular method for training these networks is backpropagation, other optimization methods such as tabu search have been applied to solve this problem. This chapter describes two training algorithms based on the tabu search. The experimentation shows that the procedures provide high quality solutions to the training problem, and in addition consume a reasonable computational effort.",
isbn="978-0-387-33416-5",
doi="10.1007/0-387-33416-5_3",
url= {\url{https://doi.org/10.1007/0-387-33416-5_3}}
}

@article{operResearch,
author = {Brent, Alan and Labuschagne, C.},
year = {2005},
month = {01},
pages = {},
title = {A REVIEW OF OPERATIONAL RESEARCH AND MATHEMATICAL METHODS FOR ENVIRONMENTAL MANAGEMENT APPLICATIONS IN INDUSTRY},
volume = {16},
journal = {The South African Journal of Industrial Engineering},
doi = {10.7166/16-1-178}
}

@article{gloverArt,
author = {Glover, Fred},
year = {1994},
month = {01},
pages = {},
title = {Tabu Search Fundamentals and Uses}
}

@INPROCEEDINGS{DE_IEEE,
author={C. {Sun} and H. {Zhou} and L. {Chen}},
booktitle={2012 IEEE International Conference on Computer Science and Automation Engineering (CSAE)},
title={Improved differential evolution algorithms},
year={2012},
volume={3},
number={},
pages={142-145},
keywords={approximation theory;convergence;evolutionary computation;Gaussian distribution;search problems;differential evolution algorithms;premature convergence feature;global convergence;searching ability;immune theory;simplified quadratic approximation;quadratic approximation based immune self-adaptive differential evolution;ISDE;Gaussian disturbing based immune self-adaptive differential evolution;benchmark problems;self-adaptive;gaussian disturbing;quadratic approximation;immune theory;modified differential evolution},
doi={10.1109/CSAE.2012.6272926},
ISSN={null},
month={May},}

@InProceedings{DE_MUTATIONS,
author="Leon, Miguel
and Xiong, Ning",
editor="Rutkowski, Leszek
and Korytkowski, Marcin
and Scherer, Rafa{\l}
and Tadeusiewicz, Ryszard
and Zadeh, Lotfi A.
and Zurada, Jacek M.",
title="Investigation of Mutation Strategies in Differential Evolution for Solving Global Optimization Problems",
booktitle="Artificial Intelligence and Soft Computing",
year="2014",
publisher="Springer International Publishing",
address="Cham",
pages="372--383",
abstract="Differential evolution (DE) is one competitive form of evolutionary algorithms. It heavily relies on mutating solutions using scaled differences of randomly selected individuals from the population to create new solutions. The choice of a proper mutation strategy is important for the success of an DE algorithm. This paper presents an empirical investigation to examine and compare the different mutation strategies for global optimization problems. Both solution quality and computational expense of DE variants were evaluated with experiments conducted on a set of benchmark problems. The results of such comparative study would offer valuable insight and information to develop optimal or adaptive mutation strategies for future DE researches and applications.",
isbn="978-3-319-07173-2"
}

@article{pso_article,
author = {Poli, Riccardo and Kennedy, James and Blackwell, Tim},
year = {2007},
month = {10},
pages = {},
title = {Particle Swarm Optimization: An Overview},
volume = {1},
journal = {Swarm Intelligence},
doi = {10.1007/s11721-007-0002-0}
}


@MISC{webPSO,
      author =       "Thiyagaraj T",
      title =        "{\it Particle Swarm Optimisation in Machine Learning}",
      howpublished = "Medium, Towards Data Science",
      url =      {\url{https://towardsdatascience.com/particle-swarm-optimisation-in-machine-learning-b01b1d2ad8a8}},
      note =         "[Online; navštíveno 08.01.2020]"
}

@misc{CMAES,
  abstract = {{This tutorial introduces the CMA Evolution Strategy (ES), where CMA stands
for Covariance Matrix Adaptation. The CMA-ES is a stochastic, or randomized,
method for real-parameter (continuous domain) optimization of non-linear,
non-convex functions. We try to motivate and derive the algorithm from
intuitive concepts and from requirements of non-linear, non-convex search in
continuous domain.}},
  added-at = {2018-12-07T09:10:16.000+0100},
  archiveprefix = {arXiv},
  author = {Hansen, Nikolaus},
  biburl = {https://www.bibsonomy.org/bibtex/2f671fd1e3b935c99b1f78781edb41a3d/jpvaldes},
  citeulike-article-id = {14481976},
  citeulike-linkout-0 = {http://arxiv.org/abs/1604.00772},
  citeulike-linkout-1 = {http://arxiv.org/pdf/1604.00772},
  day = 4,
  eprint = {1604.00772},
  interhash = {4ef0334eb7645dc6128a9936083f0b33},
  intrahash = {f671fd1e3b935c99b1f78781edb41a3d},
  keywords = {derivative\_free, optimization evolution_strategies},
  month = apr,
  posted-at = {2017-11-23 13:52:39},
  priority = {2},
  timestamp = {2018-12-07T09:33:09.000+0100},
  title = {{The CMA Evolution Strategy: A Tutorial}},
  url = {\url{http://arxiv.org/abs/1604.00772}},
  year = 2016
}

